@online{pandas,
author = "Wes McKinney",
title = "Pandas",
year = "2008",
url = "https://pandas.pydata.org/",
urldate = "2019-11-19"
}

@online{numpy,
author = "Travis Oliphant",
title = "Numpy",
year = "2005",
url = "https://numpy.org/",
urldate = "2019-11-19"
}

@online{matplotlib,
author = "John D. Hunter",
title = "Matplotlib",
year = "2003",
url = "https://matplotlib.org",
urldate = "2019-11-19"
}

@online{jupyter,
author = "Fernando Pérez",
title = "Jupyter",
year = "2018",
url = "https://jupyter.org/",
urldate = "2019-11-19"
}

@online{scikitlearn,
author = "Fabian Pedregosa et al",
title = "Scikit Learn",
year = "2010",
url = "http://scikit-learn.org/",
urldate = "2019-11-19"
}

@online{geneticprogramming,
author = "Alan Turing",
title = "Genetic Programming",
year = "1950",
url = "http://www.genetic-programming.org/",
urldate = "2019-11-19"
}

@online{tpot,
author = "Randal Olson",
title = "TPOT",
year = "2015",
url = "https://github.com/EpistasisLab/tpot",
urldate = "2019-11-19"
}

@online{automl,
author = "Jason H. Moore",
title = "AutoML",
year = "2019",
url = "http://automl.info/tpot/",
urldate = "2019-11-19"
}
